% thesis.bib, to be used with thesis.tex
% This contains the bibliography entries (which can be most easily obtained from databases such as MathSciNet).
% Run laTeX, bibTeX, laTeX on thesis.tex to produce the bibliography.

@article {athanasiadismagic,
    AUTHOR = {Athanasiadis, Christos A.},
     TITLE = {Ehrhart polynomials, simplicial polytopes, magic squares and a
              conjecture of {S}tanley},
   JOURNAL = {J. Reine Angew. Math.},
  FJOURNAL = {Journal f\"ur die Reine und Angewandte Mathematik},
    VOLUME = {583},
      YEAR = {2005},
     PAGES = {163--174},
      ISSN = {0075-4102},
     CODEN = {JRMAA8},
   MRCLASS = {05E25 (06A11 52B20)},
}

@article{Astels,
	Author = {Astels, S.},
	Journal = {Electron. Res. Announc. Amer. Math. Soc.},
	Number = {5 (1999)},
	Pages = {108-111},
	Publisher = {Electronically},
	Title = {Thickness measures for Cantor sets},
	Year = {1999}}
	
@article{PMIHES_1979__50__101_0,
     author = {Newhouse, Sheldon E.},
     title = {The abundance of wild hyperbolic sets and non-smooth stable sets for diffeomorphisms},
     journal = {Publications Math\'ematiques de l'IH\'ES},
     pages = {101--151},
     publisher = {Institut des Hautes \'Etudes Scientifiques},
     volume = {50},
     year = {1979},
     zbl = {0445.58022},
     mrnumber = {82e:58067},
     language = {en},
     url = {http://www.numdam.org/item/PMIHES_1979__50__101_0/}
}
@book{palis&takens,
  title     = {Hyperbolicity \& sensitive chaotic dynamics at homoclinic bifurcations},
  author    = {Palis, J. and Takens, F.},
  year      = {1993},
  publisher = {Cambridge University Press},
  address   = {40 West 20th St., New York, NY 10011, USA}
}

@book{GEdgar,
  title     = {Measure, Topology, and Fractal Geometry},
  author    = {Gerald Edgar},
  year      = {2008},
  publisher = {Springer Science+Business Media, LLC},
  address   = {223 Spring St., New York, NY 10013, USA}
}
@article{Svetic,
	Author = {Astels, S.},
	Journal = {Electron. Res. Announc. Amer. Math. Soc.},
	Number = {5 (1999)},
	Pages = {108-111},
	Publisher = {Electronically},
	Title = {The ERD\"{O}s SIMILARITY PROBLEM: A SURVEY},
	Year = {2000}}
  %link: https://drive.google.com/drive/u/0/folders/1XYsiZfCkW3cqf1gJ2AVi46n1EOMq_xfq